@book{reactpatterns,
	author = {Kuhn,Roland and Hanafee,Brian and Allen,Jamie},
	title = {Reactive Design Patterns},
	edition = {1},
	year = {2017},
	publisher = {Manning Publications Co},
	isbn = {9781617291807},
}

@book{cppconcurrency,
	author = {Williams, Anthony},
	title = {C++ Concurrency in Action : Practical Multthreading},
	edition = {1},
	year = {2012},
	publisher = {Manning Publications Co},
	isbn = {9781933988771},
}

@book{releaseit,
	author = {Nygard, Michael T. },
	title = {Release It!: Design and Deploy Production-Ready Software },
	edition = {1},
	year = {2007},
	publisher = {Pragmatic Bookshelf},
	isbn = {9780978739218},
}
